@article{bouchnita2020mathematical,
    title={A mathematical model to quantify the effects of platelet count, shear rate, and injury size on the initiation of blood coagulation under venous flow conditions},
    author={Bouchnita, Anass and Terekhov, Kirill and Nony, Patrice and Vassilevski, Yuri and Volpert, Vitaly},
    journal={PloS one},
    volume={15},
    number={7},
    pages={e0235392},
    year={2020},
    publisher={Public Library of Science San Francisco, CA USA}
}

@book{vassilevski2020parallel,
    title={Parallel Finite Volume Computation on General Meshes},
    author={Vassilevski, Yuri and Terekhov, Kirill and Nikitin, Kirill and Kapyrin, Ivan},
    year={2020},
    publisher={Springer Nature}
}

@article{shen2008threshold,
    title={Threshold response of initiation of blood coagulation by tissue factor in patterned microfluidic capillaries is controlled by shear rate},
    author={Shen, Feng and Kastrup, Christian J and Liu, Ying and Ismagilov, Rustem F},
    journal={Arteriosclerosis, thrombosis, and vascular biology},
    volume={28},
    number={11},
    pages={2035--2041},
    year={2008},
    publisher={Am Heart Assoc}
}

@article{kantorovich1949method,
    title={On Newton’s method},
    author={Kantorovich, L. V.},
    journal={Trudy MIAN SSSR},
    volume={28},
    pages={104--144},
    year={1949}
}

@book{ortega2000iterative,
    title={Iterative solution of nonlinear equations in several variables},
    author={Ortega, James M and Rheinboldt, Werner C},
    year={2000},
    publisher={SIAM}
}

@book{lotka1925elements,
    title={Elements of physical biology},
    author={Lotka, Alfred James},
    year={1925},
    publisher={Williams \& Wilkins}
}

@techreport{dahlquist1975stability,
    title={On stability and error analysis for stiff non-linear problems PART I},
    author={Dahlquist, Germund},
    year={1975},
    institution={CM-P00069396}
}

@article{wolfe1969convergence,
    title={Convergence conditions for ascent methods},
    author={Wolfe, Philip},
    journal={SIAM review},
    volume={11},
    number={2},
    pages={226--235},
    year={1969},
    publisher={SIAM}
}

@inproceedings{nesterov27method,
    title={A method of solving a convex programming problem with convergence rate {$\mathcal{O}(1/k^2)$}},
    author={Nesterov, Y},
    booktitle={Dokl. akad. nauk Sssr,},
    volume={27},
    pages={543-547},
    year={1983}
}

@article{anderson1965iterative,
    title={Iterative procedures for nonlinear integral equations},
    author={Anderson, Donald G},
    journal={Journal of the ACM (JACM)},
    volume={12},
    number={4},
    pages={547--560},
    year={1965},
    publisher={ACM New York, NY, USA}
}

@article{brown1994convergence,
    title={Convergence theory of nonlinear Newton--Krylov algorithms},
    author={Brown, Peter N and Saad, Youcef},
    journal={SIAM Journal on Optimization},
    volume={4},
    number={2},
    pages={297--330},
    year={1994},
    publisher={SIAM}
}

@article{auzinger1993modern,
    title={Modern convergence theory for stiff initial-value problems},
    author={Auzinger, W and Frank, R and Kirlinger, G},
    journal={Journal of Computational and Applied Mathematics},
    volume={45},
    number={1-2},
    pages={5--16},
    year={1993},
    publisher={Elsevier}
}

@article{brown1985experiments,
    title={Experiments with quasi-Newton methods in solving stiff ODE systems},
    author={Brown, Peter N and Hindmarsh, Alan C and Walker, Homer F},
    journal={SIAM journal on scientific and statistical computing},
    volume={6},
    number={2},
    pages={297--313},
    year={1985},
    publisher={SIAM}
}

@incollection{schlenkrich2006application,
    title={Application of AD-based quasi-Newton methods to stiff ODEs},
    author={Schlenkrich, Sebastian and Walther, Andrea and Griewank, Andreas},
    booktitle={Automatic Differentiation: Applications, Theory, and Implementations},
    pages={89--98},
    year={2006},
    publisher={Springer}
}

@article{brune2015composing,
    title={Composing scalable nonlinear algebraic solvers},
    author={Brune, Peter R and Knepley, Matthew G and Smith, Barry F and Tu, Xuemin},
    journal={siam REVIEW},
    volume={57},
    number={4},
    pages={535--565},
    year={2015},
    publisher={SIAM}
}

@article{sorensen1982newton,
    title={Newton’s method with a model trust region modification},
    author={Sorensen, Danny C},
    journal={SIAM Journal on Numerical Analysis},
    volume={19},
    number={2},
    pages={409--426},
    year={1982},
    publisher={SIAM}
}

@article{armijo1966minimization,
    title={Minimization of functions having Lipschitz continuous first partial derivatives},
    author={Armijo, Larry},
    journal={Pacific Journal of mathematics},
    volume={16},
    number={1},
    pages={1--3},
    year={1966},
    publisher={Mathematical Sciences Publishers}
}

@article{alexander1991modified,
    title={The modified Newton method in the solution of stiff ordinary differential equations},
    author={Alexander, Roger},
    journal={mathematics of computation},
    volume={57},
    number={196},
    pages={673--701},
    year={1991}
}

@article{auzinger1990note,
    title={A note on convergence concepts for stiff problems},
    author={Auzinger, Winfried and Frank, Reinhard and Kirlinger, Gabriela},
    journal={Computing},
    volume={44},
    number={3},
    pages={197--208},
    year={1990},
    publisher={Springer}
}

@article{moore1994stepsize,
    title={A stepsize control strategy for stiff systems of ordinary differential equations},
    author={Moore, Peter K and Petzold, Linda R},
    journal={Applied numerical mathematics},
    volume={15},
    number={4},
    pages={449--463},
    year={1994},
    publisher={Elsevier}
}

@article{dahlquist1963special,
    title={A special stability problem for linear multistep methods},
    author={Dahlquist, Germund G},
    journal={BIT Numerical Mathematics},
    volume={3},
    number={1},
    pages={27--43},
    year={1963},
    publisher={Springer}
}

@article{liu2019study,
    title={Study on Banded Implicit Runge--Kutta Methods for Solving Stiff Differential Equations},
    author={Liu, MY and Zhang, L and Zhang, CF},
    journal={Mathematical Problems in Engineering},
    volume={2019},
    year={2019},
    publisher={Hindawi}
}

@article{auzinger1989asymptotic,
	title={Asymptotic error expansions for stiff equations: an analysis for the implicit midpoint and trapezoidal rules in the strongly stiff case},
	author={Auzinger, W and Frank, R},
	journal={Numerische Mathematik},
	volume={56},
	number={5},
	pages={469--499},
	year={1989},
	publisher={Springer}
}

@article{farrell2016computation,
	title={The computation of disconnected bifurcation diagrams},
	author={Farrell, Patrick E and Beentjes, Casper HL and Birkisson, {\'A}sgeir},
	journal={arXiv preprint arXiv:1603.00809},
	year={2016}
}


@MISC{eigenweb,
	author = {Ga\"{e}l Guennebaud and Beno\^{i}t Jacob and others},
	title = {Eigen v3},
	howpublished = {http://eigen.tuxfamily.org},
	year = {2010}
}

@article{robertson1966solution,
	title={The solution of a set of reaction rate equations},
	author={Robertson, HH},
	journal={Numerical analysis: an introduction},
	volume={178182},
	year={1966}
}

@book{lambert1991methods,
    title = {Numerical Methods for Ordinary Differential Systems: The Initial Value Problem},
    author = {J. D. Lambert},
    publisher = {Wiley},
    isbn = {0471929905; 9780471929901},
    year = {1991},
    edition = {1}
}

@book{heirer1999solvingode2,
    title = {Решение обыкновенных дифференциальных уравнений: жёсткие и дифференциально-алгебраические задачи},
    author = {Хайрер, Эрнст and Ваннер, Герхард},
    translator = {Старостиной, Е. Л. and Кульчицкой, И. А. and Тыглияна, А. В. and Филиповой С. С.},
    publisher = {Мир},
    year = {1999},
    edition = {2}
}

@book{takesaki2001opalgebras1,
   title = {Theory of operator algebras 1},
   author = {M. Takesaki},
   publisher = {Springer},
   %isbn = {354042248X; 9783540422488; 354042914X; 9783540429142; 9783540429135; 3540429131},
   year = {2001},
   series = {Encyclopaedia of mathematical sciences, Operator algebras and non-commutative geometry 124-125, 127, 5-6, 8}
}

@article{soderlind2006lognorm,
    author = {Söderlind, Gustaf},
    year = {2006},
    month = {09},
    pages = {631-652},
    title = {The logarithmic norm. History and modern theory},
    volume = {46},
    journal = {BIT Numerical Mathematics},
    %doi = {10.1007/s10543-006-0069-9}
}

@article{minchev2005expint,
    author = {Minchev, Borislav and Wright, Will},
    year = {2005},
    month = {01},
    pages = {},
    title = {A review of exponential integrators}
}

@article{hochbruck_ostermann_2010,
    title = {Exponential integrators},
    volume = {19},
    %DOI = {10.1017/S0962492910000048},
    journal = {Acta Numerica},
    publisher = {Cambridge University Press},
    author = {Hochbruck, Marlis and Ostermann, Alexander},
    year = {2010},
    pages = {209--286}
}


@article{douglas1967generalizedrk,
    ISSN = {00361429},
    %URL = {http://www.jstor.org/stable/2949405},
    author = {J. Douglas Lawson},
    journal = {SIAM Journal on Numerical Analysis},
    number = {3},
    pages = {372--380},
    publisher = {Society for Industrial and Applied Mathematics},
    title = {Generalized Runge-Kutta Processes for Stable Systems with Large Lipschitz Constants},
    %urldate = {2022-06-20},
    volume = {4},
    year = {1967}
}

@article{pareschi2005imex,
    author = {Pareschi, Lorenzo and Russo, Giovanni},
    year = {2005},
    month = {01},
    pages = {129-155},
    title = {Implicit-Explicit Runge-Kutta Schemes and Applications to Hyperbolic Systems with Relaxation},
    volume = {25},
    journal = {Journal of Scientific Computing}
    %doi = {10.1007/s10915-004-4636-4}
}

@article{qin1992symplecticdirk,
    %ISSN = {02549409, 19917139},
    %URL = {http://www.jstor.org/stable/45340281},
    abstract = {Symplectic diagonally implicit methods are constructed. Explicit Runge-Kuttalike schemes for separable Hamiltonian systems are obtained.},
    author = {Qin Meng-zhao and Zhang Mei-qing},
    journal = {Journal of Computational Mathematics},
    pages = {205--215},
    publisher = {Institute of Computational Mathematics and Scientific/Engineering Computing},
    title = {SYMPLECTIC RUNGE-KUTTA ALGORITHMS FOR HAMILTONIAN SYSTEMS},
    %urldate = {2022-06-20},
    volume = {10},
    year = {1992}
}

@article{panteleev2008coagulation,
    author = {Пантелеев, М. А. and Атауллаханов, Ф. И.},
    journal = {Клиническая онкогематология},
    pages = {50--62},
    title = {Свертывание крови: биохимические основы},
    volume = {1},
    issue = {1},
    year = {2008}
}

@article{ushakova2018gemo,
    author = {Ушакова, О. and Нечипуренко, Д. and Бутылин, А.А. and Пантелеев, М.},
    journal = {Вопросы гематологии/онкологии и иммунопатологии в педиатрии},
    pages = {117--129},
    title = {Применение проточных систем в лабораторной диагностике для интегральной оценки системы гемостаза},
    volume = {17},
    issue = {1},
    year = {2018}
}
